@book{crystal2012english,
  title={English as a Global Language},
  author={Crystal, D.},
  isbn={9781107394605},
  series={Canto Classics},
  year={2012},
  publisher={Cambridge University Press}
}

@book{hutchins1986machine,
  title={Machine Translation: Past, Present, Future},
  author={Hutchins, W.J.},
  isbn={9780135435212},
  series={Ellis Horwood Series in Computers \& Their Applications},
  year={1986},
  publisher={Prentice Hall}
}

@incollection{hutchins2004georgetown,
  title={{The Georgetown-IBM experiment demonstrated in January 1954}},
  author={Hutchins, W.J.},
  booktitle={Machine Translation: From Real Users to Research},
  pages={102--114},
  year={2004},
  publisher={Springer}
}

@misc{w3tech,
 title={Usage of content languages for websites}, 
 key={{W3Techs}},
 year=2014,
 note={Accessed: October 23, 2014},
 howpublished={\url{http://w3techs.com/technologies/overview/content_language/all}}
}

@misc{iwstats,
 title={{Internet World Users by Language}},
 key={{Internet World Stats}},
 year=2013,
 note={Accessed: October 23, 2014},
 howpublished={\url{http://www.internetworldstats.com/stats7.htm}}
}

@book{koehn2010statistical,
  title={Statistical Machine Translation},
  author={Koehn, P.},
  isbn={9780521874151},
  lccn={2010294134},
  series={Statistical Machine Translation},
  year={2010},
  publisher={Cambridge University Press}
}

@article {cribb2000tesol,
author = {Cribb, V.M.},
title = {{Machine Translation: The Alternative for the 21st Century?}},
journal = {{TESOL Quarterly}},
volume = {34},
number = {3},
publisher = {Blackwell Publishing Ltd},
issn = {1545-7249},
doi = {10.2307/3587744},
pages = {560--569},
year = {2000},
}

@inproceedings{berger1994candide,
  title={{The Candide system for machine translation}},
  author={Berger, A.L. and Brown, P.F. and Della~Pietra, S.A. and Della~Pietra, V.J. and Gillett, J.R. and Lafferty, J.D. and Mercer, R.L. and Printz, H. and Ure{\v{s}}, L.},
  booktitle={Proceedings of the workshop on Human Language Technology},
  pages={157--162},
  year={1994},
  organization={Association for Computational Linguistics}
}

@article{brown1993,
 author = {Brown, P.F. and Della~Pietra, V.J.  and Della~Pietra, S.A. and Mercer, R.L.},
 title = {{The Mathematics of Statistical Machine Translation: Parameter Estimation}},
 journal = {Computational Linguistics},
 issue_date = {June 1993},
 volume = {19},
 number = {2},
 month = jun,
 year = {1993},
 issn = {0891-2017},
 pages = {263--311},
 numpages = {49},
 acmid = {972474},
 publisher = {MIT Press},
 address = {Cambridge, MA, USA},
}


@incollection{hutchins2004weaver,
  title={{Warren Weaver memorandum: 50th anniversary of machine translation}},
  author={Hutchins, W.J.},
  booktitle={{MT News International issue 22}},
  pages={5--6},
  year={1999},
  publisher={MT News International}
}

@inproceedings{koehn2003,
        Address = {Stroudsburg, PA, USA},
        Author = {Koehn, P. and Och, F.J. and Marcu, D.},
        Booktitle = {Proceedings of the 2003 Conference of the North American Chapter of the Association for Computational Linguistics on Human Language Technology},
        Pages = {48--54},
        Publisher = {Association for Computational Linguistics},
        location = {Edmonton, Canada},
        Series = {NAACL '03},
        Title = {{Statistical Phrase-Based Translation}},
        Volume = {1},
        Year = {2003}
}

@inproceedings{koehn2007,
        Address = {Prague},
        Author = {Koehn, P. and Hoang, H.},
        Booktitle = {Proceedings of the 2007 Joint Conference on Empirical Methods in Natural Language Processing and Computational Natural Language Learning},
        Date-Added = {2015-06-21 18:25:10 +0100},
        Date-Modified = {2015-06-21 18:29:44 +0100},
        Pages = {868--876},
        Publisher = {Association for Computational Linguistics},
        Series = {EMNLT},
        Title = {{Factored Translation Models}},
        Year = {2007}
}

@misc{tyson2012,
 title={{Google Translate tops 200 million active users}}, 
 author={Tyson, M.},
 editor={Hexus},
 year=2012,
 month={April},
 note={Accessed: October 23, 2014},
 howpublished={\url{http://hexus.net/tech/news/software/38553-google-translate-tops-200-million-active-users/}}
}

@INPROCEEDINGS{Johnson07improvingtranslation,
    author={Johnson, J.H. and Martin, J.},
    title = {Improving translation quality by discarding most of the phrasetable},
    booktitle = {Proceedings of EMNLP-CoNLL'07},
    year = {2007},
    pages = {967--975}
}


@inproceedings{zora80038,
           month = {August},
          author = {J.R. Smith and H. Saint-Amand and M. Plamada and P. Koehn and C. Callison-Burch and A. Lopez},
       booktitle = {Proceedings of the 51st Annual Meeting of the Association for Computational Linguistics (Volume 1: Long Papers)},
         address = {Sofia, Bulgaria},
           title = {{Dirt cheap web-scale parallel text from the Common Crawl}},
       publisher = {Association for Computational Linguistics},
           pages = {1374--1383},
            year = {2013},
}

@inproceedings{zaidan2011,
 author = {Zaidan, O.F. and Callison-Burch, C.},
 title = {{Crowdsourcing Translation: Professional Quality from Non-professionals}},
 booktitle = {Proceedings of the 49th Annual Meeting of the Association for Computational Linguistics: Human Language Technologies -- Volume 1},
 series = {HLT '11},
 year = {2011},
 isbn = {978-1-932432-87-9},
 location = {Portland, Oregon},
 pages = {1220--1229},
 numpages = {10},
 acmid = {2002626},
 publisher = {Association for Computational Linguistics},
 address = {Stroudsburg, PA, USA},
} 

@misc{quince08,
 title={{Why Austria is Ireland}}, 
 author={Quince, M.},
 booktitle={Language Log},
 year=2008,
 month={March},
 note={Accessed: November 1, 2014},
 howpublished={\url{http://itre.cis.upenn.edu/~myl/languagelog/archives/005492.html}}
}

@article{ketzan2007rebuilding,
  title={{Rebuilding Babel: Copyright and the Future of Online Machine Translation}},
  author={Ketzan, E.},
  journal={Tulane Journal of Technology \& Intellectual Property},
  volume={9},
  pages={205},
  year={2007},
}

@misc{chin07suggest,
 title={{Suggest a better translation}},
 author={Chin, J.},
 booktitle={Google Official Blog},
 year=2007,
 month={March},
 note={Accessed: November 2, 2014},
 howpublished={\url{http://googleblog.blogspot.com/2007/03/suggest-better-translation.html}}
}

@misc{galvez09toolkit,
 title={{Translating the world's information with Google Translator Toolkit}},
 author={Galvez, M. and Bhansali, S.},
 booktitle={Google Official Blog},
 year=2009,
 month={June},
 note={Accessed: November 2, 2014},
 howpublished={\url{http://googleblog.blogspot.com/2009/06/translating-worlds-information-with.html}}
}

@misc{kelman14community,
 title={{Translating the world's information with Google Translator Toolkit}},
 author={Kelman, S.},
 booktitle={Google Translate Blog},
 year=2014,
 month={July},
 note={Accessed: November 2, 2014},
 howpublished={\url{http://googletranslate.blogspot.com/2014/07/translate-community-help-us-improve.html}}
}

@misc{porsiel12sec,
 title={{Machine Translation and Data Security}},
 author={Porsiel, J.},
 booktitle={TCWorld Magazine},
 year=2012,
 month={February},
 note={Accessed: October 23, 2014},
 howpublished={\url{http://www.tcworld.info/e-magazine/content-strategies/article/machine-translation-and-data-security/}}
}

@misc{shankland13daily,
 title={{Google Translate now serves 200 million people daily}},
 author={Shankland, S.},
 booktitle={CNET},
 year=2013,
 month={May},
 note={Accessed: October 23, 2014},
 howpublished={\url{http://www.cnet.com/news/google-translate-now-serves-200-million-people-daily/}}
}

@misc{och12barrier,
 title={{Breaking down the language barrier--six years in}},
 author={Och, F.},
 booktitle={Google Official Blog},
 year=2012,
 month={April},
 note={Accessed: October 23, 2014},
 howpublished={\url{http://googleblog.blogspot.co.uk/2012/04/breaking-down-language-barriersix-years.html}}
}

@article{moore1965cramming,
  title={Cramming more components onto integrated circuits},
  author={Moore, G.~E},
  journal={Electronics},
  month={April},
  volume={38},
  number={8},
  pages={114},
  year={1965}
}

@misc{depalma14leak,
 title={{Free Machine Translation Can Leak Data}},
 author={DePalma, D.},
 booktitle={TCWorld Magazine},
 year=2014,
 month={July},
 note={Accessed: October 23, 2014},
 howpublished={\url{http://www.tcworld.info/rss/article/free-machine-translation-can-leak-data/}}
}

@techreport{tene13overextended,
  author = {Tene, O. and Wolf, C.},
  title = {Overextended: Jurisdiction and Applicable Law under the EU General Data Protection Regulation},
  month = {January},
  year = {2013},
  institution = {The Future of Privacy Forum},
  address = {Washington, DC}
}

@book{lanier2014owns,
  title={Who Owns the Future?},
  author={Lanier, J.},
  isbn={9781451654974},
  lccn={2014379394},
  year={2014},
  publisher={Simon \& Schuster}
}

@Article{forcada11a,
  author =       {M.~L. Forcada and M. Ginest\'i-Rosell and
                  J. Nordfalk and J. O'Regan and S.
                  Ortiz-Rojas and J.~A. P\'erez-Ortiz and
                  F. S\'anchez-Mart\'inez, G.
                  Ram\'irez-S\'anchez and F.~M. Tyers},
  title =        {Apertium: a free/open-source platform for rule-based
                  machine translation},
  journal =      {Machine Translation},
  note =         {Special Issue: Free/Open-Source Machine Translation},
  year =         2011,
  volume =       25,
  number =       2,
  pages =        {127--144},
}

@inproceedings{liu2011analyzing,
  title={Analyzing {F}acebook privacy settings: user expectations vs. reality},
  author={Liu, Y. and Gummadi, K.~P. and Krishnamurthy, B. and Mislove, A.},
  booktitle={{Proceedings of the 2011 ACM SIGCOMM conference on Internet measurement conference}},
  pages={61--70},
  year={2011},
  organization={ACM}
}

@InProceedings{TIEDEMANN12.463,
  author = {Tiedemann, J.},
  title = {{Parallel Data, Tools and Interfaces in OPUS}},
  booktitle = {Proceedings of the Eight International Conference on Language Resources and Evaluation (LREC'12)},
  year = {2012},
  month = {may},
  date = {23-25},
  address = {Istanbul, Turkey},
  editor = {Nicoletta Calzolari (Conference Chair) and Khalid Choukri and Thierry Declerck and Mehmet Ugur Dogan and Bente Maegaard and Joseph Mariani and Jan Odijk and Stelios Piperidis},
  publisher = {European Language Resources Association (ELRA)},
  isbn = {978-2-9517408-7-7},
  alanguage = {english}
 }

@inproceedings{SkadinsEA:LREC14,
  author =       {Skadi\c{n}\v{s}, R. and Tiedemann, J. and Rozis, R. and Deksne, D.},
  title =        {{Billions of Parallel Words for Free: Building and Using the EU Bookshop Corpus}},
  booktitle =    {Proceedings of the 9th International Conference
                  on Language Resources and Evaluation (LREC-2014)},
  year =         2014,
  month =        {May},
  address =      {Reykjavik, Iceland},
  publisher =    {European Language Resources Association (ELRA)},
}

@InCollection{Tiedemann:RANLP5,
  author =	  {Tiedemann, J.},
  title =	  {News from {OPUS} - {A} Collection of Multilingual
                  Parallel Corpora with Tools and Interfaces},
  booktitle =	  {Recent Advances in Natural Language Processing},
  publisher =	  {John Benjamins, Amsterdam/Philadelphia},
  year =          2009,
  pages =         {237--248},
  editor =        {N. Nicolov and K. Bontcheva and G. Angelova and
                  R. Mitkov},
  volume =	  {V},
  address =	  {Borovets, Bulgaria},
  isbn =          {978 90 272 4825 1},
  xpdf =           {http://stp.lingfil.uu.se/~joerg/published/ranlp-V.pdf},
  topic  =        {Parallel corpora}
}

@Article{sanchez-cartagena15a,
  author =       {S\'anchez-Cartagena, V.~M. and P\'erez-Ortiz, J.~A. and S\'anchez-Mart\'inez, F.},
  title =        {A generalised alignment template formalism and its
                  application to the inference of shallow-transfer
                  machine translation rules from scarce bilingual
                  corpora},
  journal =      {Computer Speech & Language},
  year =         2015,
  volume =       32,
  number =       1,
  pages =        {46--90},
  pdfurl =       {http://www.dlsi.ua.es/~fsanchez/pub/pdf/sanchez-cartagena15a.pdf}
}

@InProceedings{sanchezmartinez09d,
  author =       {S{\'{a}}nchez-Mart{\'{\i}}nez, F. and Forcada,
                  M.~L. and Way, A.},
  title =        {Hybrid rule-based -- example-based {MT}: {F}eeding
                  {A}pertium with sub-sentential translation units},
  booktitle =    {Proceedings of the 3rd Workshop on Example-Based
                  Machine Translation},
  pages =        {11--18},
  year =         2009,
  editor =       {Forcada, Mikel L. and Way, Andy},
  address =      {Dublin, Ireland},
  month =        {November},
  pdfurl =       {http://www.dlsi.ua.es/~fsanchez/pub/pdf/sanchez-martinez09d.pdf}
}

@InProceedings{ARCAN16.9,
	  author = {Ar\v{c}an, M. and Lane, C. and \'O Droighne\'ain, E. and Buitelaar, P},
	  title = {{IRIS: English-Irish Machine Translation System}},
	  booktitle = {{Proceedings of the Ninth International Conference on Language Resources and Evaluation (LREC 2016)}},
	  year = {2016},
	  pages = {566--572},
  publisher = {European Language Resources Association (ELRA)},
  isbn = {978-2-9517408-9-1},
	  address = {Portoro\v{z}, Slovenia},
} 
@inproceedings{currey2017copy,
  author = {Currey, A. and Miceli Barone, A.~V. and Heafield, K.},
  title = {Copied Monolingual Data Improves {Low-Resource} Neural Machine Translation},
  year = {2017},
  month = {September},
  booktitle = {Proceedings of the {EMNLP} 2017 Second Conference on Machine Translation {(WMT17)}},
  address = {Copenhagen, Denmark},
  url = {https://kheafield.com/papers/edinburgh/copy\_paper.pdf},
}
@article{bosch2011towards,
  title={{Towards Zulu corpus clean-up, lexicon development and corpus annotation by means of computational morphological analysis}},
  author={Bosch, S.~E and Pretorius, L.},
  year={2011},
  volume = {31},
  journal = {{South African Journal of African Languages}},
  number = {1},
  pages={138--158}
}
@TechReport{Phillips:16:CMW,
  author      = {Phillips, A.},
  title       = {{Character Model for the World Wide Web: String Matching and Searching}},
  month       = {April},
  note        = "http://www.w3.org/TR/2016/WD-charmod-norm-20160407/",
  year        = {2016},
  type        = {{W3C} Working Draft},
  institution = {W3C},
}
@book{donaldson2008dutch,
  title={Dutch: A Comprehensive Grammar},
  author={Donaldson, B.},
  isbn={9781134082353},
  series={Routledge Comprehensive Grammars},
  googurl={https://books.google.ie/books?id=7tZ9AgAAQBAJ},
  year={2008},
  publisher={Taylor \& Francis}
}
@article{wu2016gnmt,
title = {{Google's Neural Machine Translation System: Bridging the Gap between Human and Machine Translation}},
author  = {Yonghui Wu and Mike Schuster and Zhifeng Chen and Quoc V. Le and Mohammad Norouzi and Wolfgang Macherey and Maxim Krikun and Yuan Cao and Qin Gao and Klaus Macherey and Jeff Klingner and Apurva Shah and Melvin Johnson and Xiaobing Liu and Łukasz Kaiser and Stephan Gouws and Yoshikiyo Kato and Taku Kudo and Hideto Kazawa and Keith Stevens and George Kurian and Nishant Patil and Wei Wang and Cliff Young and Jason Smith and Jason Riesa and Alex Rudnick and Oriol Vinyals and Greg Corrado and Macduff Hughes and Jeffrey Dean},
year  = 2016,
URL = {http://arxiv.org/abs/1609.08144},
journal = {CoRR},
volume  = {abs/1609.08144}
}

@article{oregan13peeking,
	author = {O'Regan, J. and  Forcada, M.~L. },
	title = {{Peeking through the language barrier: the development of a free/open-source gisting system for Basque to English based on apertium.org}},
	journal = {{Procesamiento del Lenguaje Natural}},
	volume = {51},
	number = {0},
	year = {2013},
	anabstract = {The article describes the development of a machine translation system from Basque to English designed for assimilation ('gisting') built on the free/open-source rule-based machine translation platform Apertium, and evaluates it preliminarly using a new method based in Cloze tests in which readers are asked to fill out gaps in a reference translation. The results indicate that the availability of the raw translations by a system with a dictionary of about 10000 entries and about 300 translation rules increase significantly the ability of readers to complete the tests successfully.},
	issn = {1989-7553},
	pgurl = {http://journal.sepln.org/sepln/ojs/ojs/index.php/pln/article/view/4867},
	pages = {15--22}
}

@article{sennrich2015neural,
  title={{Neural Machine Translation of Rare Words with Subword Units}},
  author={Sennrich, R. and Haddow, B. and Birch, A.},
  booktitle = {Proceedings of the 54th Annual Meeting of the Association for Computational Linguistics (Volume 1: Long Papers)},
  month     = {August},
  year      = {2016},
  address   = {Berlin, Germany},
  publisher = {Association for Computational Linguistics},
  pages     = {1715--1725},
  aclurl       = {http://www.aclweb.org/anthology/P16-1162},
  year={2015}
}

@book{donaill1977focloir,
  title={Focl{\'o}ir Gaeilge-B{\'e}arla},
  author={{\'O}~{D}{\'o}naill, N.},
  lccn={79395254},
  year={1977},
  publisher={Oifig an tSol{\'a}thair}
}

@book{debhaldraithe1959english,
  title={{English-Irish Dictionary: With Terminological Additions and Corrections}},
  author={de~{B}haldraithe, T.},
  year={1959},
  isbn={1857910362},
  publisher={An G{\'u}m}
}

@phdthesis{elain09,
	Author = {U\'i~Dhonnchadha, E.},
	School = {Dublin City University},
	Title = {{Part-of-Speech Tagging and Partial Parsing for Irish using Finite-State Transducers and Constraint Grammar}},
	Year = {2009}
}
@InProceedings{mchura2014,
  author    = {M{\v{e}}chura, M.~B.},
  title     = {{Irish National Morphology Database: a high-accuracy open-source dataset of Irish words}},
  booktitle = {{Proceedings of the First Celtic Language Technology Workshop}},
  year      = {2014},
  address   = {Dublin, Ireland},
  publisher = {Association for Computational Linguistics and Dublin City University},
  pages     = {50--54},
  acmurl       = {http://www.aclweb.org/anthology/W14-4607}
}
@inproceedings{mvechura2010focal,
  title={{The Focal.ie National Terminology Database for Irish: software demonstration}},
  author={M{\v{e}}chura, M.~B. and \'O~Raghallaigh, B.},
  booktitle={{Proceedings of the 14th Euralex International Congress}},
  pages={937--948},
  year={2010}
}

@InProceedings{UDHONNCHADHA10.824,
  author = {Uí~Dhonnchadha, E. and Van~Genabith, J.},
  title = {{Partial Dependency Parsing for Irish}},
  booktitle = {{Proceedings of the Seventh International Conference on Language Resources and Evaluation (LREC'10)}},
  year = {2010},
  editor = {Nicoletta Calzolari and Khalid Choukri and Bente Maegaard and Joseph Mariani and Jan Odijk and Stelios Piperidis and Mike Rosner and Daniel Tapias},
  publisher = {European Language Resources Association (ELRA)},
  isbn = {2-9517408-6-7},
}
 
@phdthesis{lynn16treebank,
	Author = {Lynn, T.},
	School = {Dublin City University},
	Title = {{Irish Dependency Treebanking and Parsing}},
	Year = {2016}
}
@article{lynn2015minority,
  title={{Minority language Twitter: Part-of-speech tagging and analysis of Irish tweets}},
  author={Lynn, T. and Scannell, K.~P. and Maguire, E.},
  journal={{Proceedings of the 1st Workshop on Noisy User-generated Text (W-NUT 2015)}},
  pages={1--8},
  year={2015}
}
@inproceedings{lynn2016universal,
  title={{Universal Dependencies for Irish}},
  author={Lynn, T. and Foster, J.},
  booktitle={{Proceedings of the second Celtic Language Technology Workshop}},
  pages={79--92},
  year={2016}
}

@article{tyers2009apertium,
  title={{apertium-cy--a collaboratively-developed free RBMT system for Welsh to English.}},
  author={Tyers, F.~M. and Donnelly, K.},
  journal={The Prague Bulletin of Mathematical Linguistics},
  volume={91},
  pages={57--66},
  year={2009}
}

@article{tyers2010rule,
  title={{Rule-based Breton to French machine translation}},
  author={Tyers, F.~M.},
  journal={Proceeedings of the 14th Annual Conference of the European Association of Machine Translation, EAMT10},
  pages={174--181},
  year={2010}
}

@InProceedings{tyers15a,
  author =       {Tyers, F.~M. and S\'anchez-Mart\'inez, F. and
                  Forcada, M.~L.},
  title =        {{Unsupervised training of maximum-entropy models for
                  lexical selection in rule-based machine translation}},
  booktitle =    {Proceedings of the 18th Annual Conference of the
                  European Association for Machine Translation},
  year =         2015,
  pages =        {145--152},
  month =        {May},
  address =      {Antalya, Turkey}
}
@InProceedings{sanchezmartinez09d,
  author =       {S{\'{a}}nchez-Mart{\'{\i}}nez, F. and Forcada,
                  M.~L. and Way, A.},
  title =        {{Hybrid rule-based -- example-based MT: Feeding
                  Apertium with sub-sentential translation units}},
  booktitle =    {Proceedings of the 3rd Workshop on Example-Based
                  Machine Translation},
  pages =        {11--18},
  year =         2009,
  editor =       {Forcada, Mikel L. and Way, Andy},
  address =      {Dublin, Ireland},
  month =        {November}
}
@Article{sanchez-martinez09b,
  author =       {S{\'{a}}nchez-Mart{\'{\i}}nez, F. and Forcada,
                  M.~L.},
  title =        {{Inferring shallow-transfer machine translation rules
                  from small parallel corpora}},
  journal =      {Journal of Artificial Intelligence Research},
  year =         2009,
  volume =       34,
  pages =        {605--635}
}

@ARTICLE{2017opennmt,
         author = { {Klein}, G. and {Kim}, Y. and {Deng}, Y. 
                    and {Senellart}, J. and {Rush}, A.~M.},
         title = "{OpenNMT: Open-Source Toolkit 
                   for Neural Machine Translation}",
         journal = {ArXiv e-prints},
         eprint = {1701.02810} }
         
@inproceedings{milkowski09srx,
  author    = {Mi\l{}kowski, M. and
               Lipski, J.},
  editor    = {Zygmunt Vetulani},
  title     = {{Using {SRX} Standard for Sentence Segmentation}},
  booktitle = {{Human Language Technology. Challenges for Computer Science and Linguistics
               - 4th Language and Technology Conference, {LTC} 2009, Poznan, Poland,
               November 6-8, 2009, Revised Selected Papers}},
  pages     = {172--182},
  series    = {Lecture Notes in Computer Science},
  volume    = {6562},
  publisher = {Springer},
  year      = {2009},
  doiurl       = {https://doi.org/10.1007/978-3-642-20095-3_16},
  doi       = {10.1007/978-3-642-20095-3_16},
  timestamp = {Sun, 04 Jun 2017 10:08:05 +0200},
  biburl    = {http://dblp.uni-trier.de/rec/bib/conf/ltconf/MilkowskiL09},
  bibsource = {dblp computer science bibliography, http://dblp.org}
}
@inproceedings{dowling2017crowd,
  title={{A Crowd-sourcing Approach for Translations of Minority Language User-Generated Content (UGC)}},
  author={Dowling, M. and Lynn, T. and Way, A.},
  booktitle={{First workshop on Social Media and User Generated Content Machine Translation}},
  series={The Prague Bulletin of Mathematical Linguistics},
  pages={1--21},
  year={2017}
}

@inproceedings{dowling2016english,
  title={{English to Irish Machine Translation with Automatic Post-Editing}},
  author={Dowling, M. and Lynn, T. and Graham, Y. and Judge, J.},
  booktitle={Second Celtic Language Technology Workshop},
  year={2016}
}
@inproceedings{dowling2015tapadoir,
  title={{Tapad{\'o}ir: Developing a Statistical Machine Translation Engine and Associated Resources for Irish}},
  author={Dowling, M. and Cassidy, L. and Maguire, E. and Lynn, T. and Srivastava, A. and Judge, J.},
  booktitle={{The 4th LRL Workshop: Language Technologies in support of Less-Resourced Languages}},
  year={2015}
}
@book{moseley2010atlas,
  title={{Atlas of the World's Languages in Danger}},
  author={Moseley, C.},
  isbn={9789231040962},
  series={Memory of peoples Series},
  googurl={https://books.google.ie/books?id=kFVthqmDs\_kC},
  year={2010},
  edition={3},
  publisher={UNESCO Publishing}
}

@manual{apertium,
  address = {Universitat d'Alacant},
  editor = {Mireia Ginestí Rosell},
  author = {Forcada, M.~L. and Bonev, B.~I. and Ortiz~Rojas, S. and P{\'e}rez~Ortiz, J.~A. and Ram{\'\i}rez~Sanchez, G. and S{\'a}nchez~Mar{\'\i}nez, F. and Armentano-Oller, C. and Montava, M.~A.  and Tyers, F.~M.},
  edition = {2.0},
  organization = {Departament de Llenguatges i Sistemes Inform{\`a}tics},
  title = {{Documentation of the Open-Source Shallow-Transfer Machine Translation Platform Apertium}},
 year = {2010}
}

@article{rojas2005,
    title = {{Construcci\'on y minimizaci\'on eficiente de transductores de letras a partir de diccionarios con paradigmas}},
    author = {Ortiz Rojas, S. and Forcada, M.~L. and Ram\'irez S\'anchez, R.},
    year = 2005,
    number = 35,
    journal = {{Procesamiento del Lenguaje Natural}},
    pages = {51--57}
}

@inproceedings{garrido-alenda02,
    author = {Garrido-Alenda, A. and Forcada, M.~L. and Carrasco, R.~C.},
    title = {{Incremental Construction and Maintenance of Morphological Analysers Based on Augmented Letter Transducers}},
    booktitle = {{Proceedings of TMI 2002 (Theoretical and Methodological Issues in Machine Translation, Keihanna/Kyoto, Japan)}},
    pages = {53--62},
    year = {2002}
}

@InProceedings{denkowski2014meteor,
  author    = {Denkowski, M. and Lavie, A.},
  title     = {{Meteor Universal: Language Specific Translation Evaluation for Any Target Language}},
  booktitle = {{Proceedings of the EACL 2014 Workshop on Statistical Machine Translation}},
  year      = {2014},
}

@inbook{kamocki2015all,
  title={{\guillemotleft All Your Data Are Belong to us\guillemotright . European Perspectives on Privacy Issues in `Free' Online Machine Translation Services}},
  author={Kamocki, P. and O’Regan, J. and Stauch, M.},
  booktitle={{Privacy and Identity Management. Time for a Revolution?}},
  subtitle={{10th IFIP WG 9.2, 9.5, 9.6/11.7, 11.4, 11.6/SIG 9.2.2 International Summer School, Edinburgh, UK, August 16-21, 2015, Revised Selected Papers}},
  editor={Aspinall, David and Camenisch, Jan and Hansen, Marit and Fischer-H{\"u}bner, Simone and Raab, Charles},
  pages={265--280},
  year={2016},
  publisher={Springer International Publishing},
  address={Cham},
  doi={10.1007/978-3-319-41763-9_18}
}

@Book{LWP-Irish,
  author = {Judge, J. and N\'i~Chasaide, A. and N\'i~Dhubhda, R. and
    Scannell, K.~P. and U\'i~Dhonnchadha, E.},
  title = {{An Ghaeilge sa Ré Dhigiteach -- The Irish Language in the Digital
    Age}},
  publisher = {Springer},
  year = {2012},
  series = {META-NET White Paper Series. Georg Rehm and Hans Uszkoreit (Series
    Editors)},
  isbn = {978-3-642-30557-3},
  note = {Available online at \url{http://www.meta-net.eu/whitepapers}}
}

@InProceedings{popovic2015chrf,
  author    = {Popovi\'{c}, M.},
  title     = {{chrF: character n-gram F-score for automatic MT evaluation}},
  booktitle = {{Proceedings of the Tenth Workshop on Statistical Machine Translation}},
  year      = {2015},
  address   = {Lisbon, Portugal},
  publisher = {Association for Computational Linguistics},
  pages     = {392--395},
  url       = {http://aclweb.org/anthology/W15-3049}
}

@book{caighdean2017,
  title={{Gramadach na Gaeilge: An Caighdeán Oifigiúil}},
  editor={U\'ibh~Eachach, V.},
  url={http://www.oireachtas.ie/parliament/media/translators/An-Caighde%C3%A1n-Oifigi%C3%BAil-2017.pdf},
  year={2017},
  edition={2},
  address={Baile \'Atha Cliath},
  publisher={Tithe an Oireachtais}
}

@article{nolan2000reflexive,
  title={{Reflexive and reciprocal constructions in Modern Irish}},
  author={Nolan, B.},
  journal={{The ITB Journal}},
  volume={1},
  number={2},
  pages={21--58},
  doi={10.21427/D7C345},
  year={2000}
}

@article{nolan2004rrg,
  title={{An RRG account of reflexive constructions in Modern Irish}},
  author={Nolan, B.},
  journal={Linguistic theory and practice: description, implementation and processing},
  pages={224--239},
  year={2004}
}
@book{grammar1980cb,
  title={{New Irish Grammar}},
  author={{The~Christian~Brothers}},
  year={1988},
  edition={2},
  publisher={C J Fallon}
}

@article{chasaide2017abair,
  title={{The Abair initiative: Bringing spoken Irish into the digital space}},
  author={N\'i~Chasaide, A. and N\'i~Chiar\'ain, N. and Wendler, C. and Berthelsen, H. and Murphy, A. and Gobl, C.},
  journal={Proceedings of Interspeech 2017},
  doi={10.21437/Interspeech.2017-1407},
  pages={2113--2117},
  publisher={ISCA},
  year={2017}
}

@inproceedings{oregan2016lemongawn,
  title={{lemonGAWN: WordNet Gaeilge as Linked Data}},
  author={O'Regan, J. and Scannell, K. and U{\'i}~Dhonnchadha, E.},
  booktitle={{LDL 2016--5th Workshop on Linked Data in Linguistics: Managing, Building and Using Linked Language Resources}},
  pages={36--40},
  year={2016}
}

@inproceedings{nichiarain2016chatbot,
title = {{Chatbot Technology with Synthetic Voices in the Acquisition of an Endangered Language: Motivation, Development and Evaluation of a Platform for Irish}},
author = {N{\'i}~Chiar{\'a}in, Neasa and N{\'i}~Chasaide, Ailbhe},
  booktitle = {{Proceedings of the Tenth International Conference on Language Resources and Evaluation (LREC 2016)}},
  location = {Portorož, Slovenia},
  editor = {Nicoletta Calzolari and Khalid Choukri and Thierry Declerck and Sara Goggi and Marko Grobelnik and Bente Maegaard and Joseph Mariani and Helene Mazo and Asuncion Moreno and Jan Odijk and Stelios Piperidis},
  publisher = {European Language Resources Association (ELRA)},
year={2016},
pages={3429--3435}
}

@InProceedings{cmu-avenue-wmt12, 
author = {Michael Denkowski and Greg Hanneman and Alon Lavie}, 
title = {{The CMU-Avenue French-English Translation System}}, 
booktitle = {{Proceedings of the NAACL 2012 Workshop on Statistical Machine Translation}}, 
year = {2012}, 
 location = {Montreal, Canada},
 publisher = {Association for Computational Linguistics},
 address = {Stroudsburg, PA, USA},
pages={261--266}
}



@article{krauwer2003basic,
  title={{The basic language resource kit (BLARK) as the first milestone for the language resources roadmap}},
  author={Krauwer, Steven},
  journal={{Proceedings of SPECOM 2003}},
  pages={8--15},
  year={2003}
}

@inproceedings{scannell2006machine,
  title={{Machine Translation for closely related language pairs}},
  author={Scannell, Kevin P},
  booktitle={{Proceedings of the Workshop: Strategies for developing Machine Translation for minority languages}},
  pages={103--109},
  year={2006}
}

@article{Kilgarriff2006EfficientCD,
  title={{Efficient corpus development for lexicography: building the New Corpus for Ireland}},
  author={Kilgarriff, A. and Rundell, M. and U{\'i}~Dhonnchadha, E.},
  journal={{Language Resources and Evaluation}},
  year={2006},
  volume={40},
  pages={127-152},
  doi={10.1007/s10579-006-9011-7}
}

@mastersthesis{naber2003rule,
  title={A rule-based style and grammar checker},
  author={Naber, Daniel},
  year={2003},
  type={Diplomarbeit},
  school={Bielefeld University}
}

@book{donaill1977focloir,
  title={Focl{\'o}ir Gaeilge-B{\'e}arla},
  editor={{\'O}~{D}{\'o}naill, Niall},
  lccn={79395254},
  year={1977},
  publisher={Oifig an tSol{\'a}thair}
}



@book{debhaldraithe1959english,
  title={{English-Irish Dictionary: With Terminological Additions and Corrections}},
  editor={de~{B}haldraithe, Tom{\'a}s},
  year={1959},
  isbn={1857910362},
  publisher={An G{\'u}m}
}
@book{odonaill1991focloirbeag,
  title={{An Focl\'oir Beag: Gaeilge--Gaeilge}},
  editor={{\'O}~{D}{\'o}naill, N. and Ua~Maoileoin, P.},
  year={1991},
  isbn={1-85791-364-7},
  publisher={An G{\'u}m}
}

@INPROCEEDINGS{Papineni02bleu,
    author = {Papineni, K. and Roukos, S. and Ward, T. and Zhu, W},
    title = {{BLEU: a Method for Automatic Evaluation of Machine Translation}},
    booktitle = {{Proceedings of the 40th Annual Meeting of the Association for Computational Linguistics (ACL)}},
    doi={10.1.1.19.9416},
    year = {2002},
    pages = {311--318}
}

@Inbook{Somers2003,
author="Somers, Harold",
editor="Carl, Michael
and Way, Andy",
title="An Overview of EBMT",
bookTitle="Recent Advances in Example-Based Machine Translation",
year="2003",
publisher="Springer Netherlands",
address="Dordrecht",
pages="3--57",
isbn="978-94-010-0181-6",
doi="10.1007/978-94-010-0181-6_1",
}

@ARTICLE{jelinek1976asr,
author={Jelinek, F.},
journal={{Proceedings of the IEEE}},
title={Continuous speech recognition by statistical methods},
year={1976},
volume={64},
number={4},
pages={532-556},
doi={10.1109/PROC.1976.10159},
ISSN={0018-9219},
}

@article{Jelinek2009dawn,
 author = {Jelinek, F.},
 title = {{The Dawn of Statistical ASR and MT}},
 journal = {Computational Linguistics},
 issue_date = {December 2009},
 volume = {35},
 number = {4},
 year = {2009},
 issn = {0891-2017},
 pages = {483--494},
 durl = {http://dx.doi.org/10.1162/coli.2009.35.4.35401},
 doi = {10.1162/coli.2009.35.4.35401},
 acmid = {1667990},
 publisher = {MIT Press},
 address = {Cambridge, MA, USA},
} 
@article{biber2004bundlers,
author = {Biber, Douglas and Conrad, Susan and Cortes, Viviana},
title = {If you look at…: Lexical Bundles in University Teaching and Textbooks},
journal = {{Applied Linguistics}},
volume = {25},
number = {3},
pages = {371--405},
year = {2004},
doi = {10.1093/applin/25.3.371},
xURL = { + http://dx.doi.org/10.1093/applin/25.3.371},
}

@mastersthesis{kozicka2016dissertation,
  title={{Native and Non-native Written English Academic Language: A Frequency-driven
Comparative Analysis of Four-word Lexical Bundles in Academic Journal Articles by
L1 English and L1 Polish Writers}},
  author={Kozicka, Joanna},
  year={2016},
  type={Master's Dissertation},
  school={Trinity College, Dublin}
}

@article{kluegl2016ruta,
  author = {Kluegl, Peter and Toepfer, Martin and Beck, Philip-Daniel and Fette, Georg and Puppe, Frank},
  title = {{UIMA Ruta: Rapid development of rule-based information extraction applications}},
  journal = {{Natural Language Engineering}},
  volume = {22},
  issue = {01},
  year = {2016},
  issn = {1469-8110},
  pages = {1--40},
  doi = {10.1017/S1351324914000114},
  docURL = {https://journals.cambridge.org/article_S1351324914000114},
}
